<record><leader>00000cas a22000007a 4500</leader><controlfield tag="001">28031580</controlfield><controlfield tag="008">930503d19131915ilusr ne      0    0yid d</controlfield><datafield ind1=" " ind2=" " tag="010"><subfield code="a">sn 93062914 </subfield></datafield><datafield ind1=" " ind2=" " tag="040"><subfield code="a">YOX</subfield><subfield code="b">eng</subfield><subfield code="c">YOX</subfield><subfield code="d">MGN</subfield><subfield code="d">OCLCQ</subfield><subfield code="d">OCLCF</subfield><subfield code="d">OCLCO</subfield><subfield code="d">OCLCQ</subfield></datafield><datafield ind1=" " ind2=" " tag="042"><subfield code="a">msc</subfield></datafield><datafield ind1=" " ind2=" " tag="043"><subfield code="a">n-us-il</subfield></datafield><datafield ind1=" " ind2="4" tag="060"><subfield code="a">015007861</subfield></datafield><datafield ind1="0" ind2="4" tag="245"><subfield code="a">Der Idisher sotsyalist&#803;.</subfield></datafield><datafield ind1="1" ind2="3" tag="246"><subfield code="a">Jewish socialist</subfield></datafield><datafield ind1=" " ind2=" " tag="260"><subfield code="a">Chicago [Ill.] :</subfield><subfield code="b">[publisher not identified]</subfield></datafield><datafield ind1=" " ind2=" " tag="300"><subfield code="a">volumes</subfield></datafield><datafield ind1=" " ind2=" " tag="310"><subfield code="a">Semimonthly,</subfield><subfield code="b">Jan. 30, 1914-July 15, 1915</subfield></datafield><datafield ind1=" " ind2=" " tag="321"><subfield code="a">Monthly,</subfield><subfield code="b">Aug.-Nov. 1913</subfield></datafield><datafield ind1=" " ind2=" " tag="336"><subfield code="a">text</subfield><subfield code="b">txt</subfield><subfield code="2">rdacontent</subfield></datafield><datafield ind1=" " ind2=" " tag="337"><subfield code="a">unmediated</subfield><subfield code="b">n</subfield><subfield code="2">rdamedia</subfield></datafield><datafield ind1=" " ind2=" " tag="338"><subfield code="a">volume</subfield><subfield code="b">nc</subfield><subfield code="2">rdacarrier</subfield></datafield><datafield ind1="1" ind2=" " tag="362"><subfield code="a">Began in July 1913.</subfield></datafield><datafield ind1="0" ind2=" " tag="362"><subfield code="a">-v. 2, no. 13 (July 15, 1915).</subfield></datafield><datafield ind1=" " ind2=" " tag="500"><subfield code="a">Issues for Feb. 15, 1914-July 15, 1915 have parallel English title: The Jewish socialist.</subfield></datafield><datafield ind1=" " ind2=" " tag="500"><subfield code="a">Issued also in New York, N.Y., &lt;Nov. 1913&gt;.</subfield></datafield><datafield ind1=" " ind2=" " tag="515"><subfield code="a">No issue(s) published Dec. 1913?</subfield></datafield><datafield ind1=" " ind2=" " tag="546"><subfield code="a">In Yiddish.</subfield></datafield><datafield ind1=" " ind2=" " tag="550"><subfield code="a">"Official monthly bulletin of the Jewish Socialist Federation of America."</subfield></datafield><datafield ind1=" " ind2=" " tag="588"><subfield code="a">Description based on: Vol. 1, no. 2 (Aug. 1913).</subfield></datafield><datafield ind1=" " ind2="0" tag="650"><subfield code="a">Jewish newspapers</subfield><subfield code="z">Illinois.</subfield></datafield><datafield ind1=" " ind2="0" tag="650"><subfield code="a">Socialism</subfield><subfield code="v">Newspapers.</subfield></datafield><datafield ind1=" " ind2="7" tag="650"><subfield code="a">Jewish newspapers.</subfield><subfield code="2">fast</subfield><subfield code="0">(OCoLC)fst00982872</subfield></datafield><datafield ind1=" " ind2="7" tag="650"><subfield code="a">Socialism.</subfield><subfield code="2">fast</subfield><subfield code="0">(OCoLC)fst01123637</subfield></datafield><datafield ind1=" " ind2="7" tag="651"><subfield code="a">Illinois.</subfield><subfield code="2">fast</subfield><subfield code="0">(OCoLC)fst01205143</subfield></datafield><datafield ind1=" " ind2="7" tag="655"><subfield code="a">Newspapers.</subfield><subfield code="2">fast</subfield><subfield code="0">(OCoLC)fst01423814</subfield></datafield><datafield ind1="2" ind2=" " tag="710"><subfield code="a">Jewish Socialist Federation of America.</subfield></datafield><datafield ind1=" " ind2=" " tag="752"><subfield code="a">United States</subfield><subfield code="b">Illinois</subfield><subfield code="c">Cook</subfield><subfield code="d">Chicago.</subfield></datafield><datafield ind1=" " ind2=" " tag="752"><subfield code="a">United States</subfield><subfield code="b">New York</subfield><subfield code="c">New York</subfield><subfield code="d">New York.</subfield></datafield><datafield ind1="0" ind2="0" tag="785"><subfield code="t">Naye v&#803;elt&#803;</subfield><subfield code="w">(DLC)sn 93062915</subfield></datafield><datafield ind1="1" ind2=" " tag="029"><subfield code="a">AU@</subfield><subfield code="b">000020734518</subfield></datafield></record>